<?xml version="1.0" encoding="UTF-8"?>
<collection xmlns="http://www.loc.gov/MARC21/slim">
  <record>
    <leader>01248cam a2200349   4500</leader>
    <controlfield tag="001">83</controlfield>
    <controlfield tag="005">20141021232337.0</controlfield>
    <controlfield tag="008">860116s1935    fr abef  b    000 0 fre  </controlfield>
    <datafield tag="010" ind1=" " ind2=" ">
      <subfield code="a">   35020439 </subfield>
    </datafield>
    <datafield tag="035" ind1=" " ind2=" ">
      <subfield code="a">(CStRLIN)NYCX86B6716</subfield>
    </datafield>
    <datafield tag="035" ind1=" " ind2=" ">
      <subfield code="a">(NIC)notisAAA0081</subfield>
    </datafield>
    <datafield tag="035" ind1=" " ind2=" ">
      <subfield code="a">(OCoLC)371237</subfield>
    </datafield>
    <datafield tag="035" ind1=" " ind2=" ">
      <subfield code="a">83</subfield>
    </datafield>
    <datafield tag="040" ind1=" " ind2=" ">
      <subfield code="d">MiU</subfield>
      <subfield code="d">NIC</subfield>
    </datafield>
    <datafield tag="043" ind1=" " ind2=" ">
      <subfield code="a">e-sp---</subfield>
    </datafield>
    <datafield tag="050" ind1="0" ind2=" ">
      <subfield code="a">NA5803</subfield>
      <subfield code="b">.L35</subfield>
    </datafield>
    <datafield tag="082" ind1=" " ind2=" ">
      <subfield code="a">723.56</subfield>
    </datafield>
    <datafield tag="100" ind1="1" ind2=" ">
      <subfield code="a">Lavedan, Pierre,</subfield>
      <subfield code="d">1885-1982.</subfield>
    </datafield>
    <datafield tag="245" ind1="1" ind2="2">
      <subfield code="a">L'architecture gothique religieuse en Catalogne,</subfield>
      <subfield code="b">Valence et Baleares; cinquante-quatre planches hors texte, cent douze dessins dans le texte.</subfield>
    </datafield>
    <datafield tag="260" ind1=" " ind2=" ">
      <subfield code="a">Paris,</subfield>
      <subfield code="b">H. Laurens,</subfield>
      <subfield code="c">1935.</subfield>
    </datafield>
    <datafield tag="300" ind1=" " ind2=" ">
      <subfield code="a">256 p.</subfield>
      <subfield code="b">illus. (incl. maps, plans) LIV pl. on 27 l.</subfield>
      <subfield code="c">27 x 20 cm.</subfield>
    </datafield>
    <datafield tag="504" ind1=" " ind2=" ">
      <subfield code="a">Bibliography: p.7.</subfield>
    </datafield>
    <datafield tag="650" ind1=" " ind2="0">
      <subfield code="a">Church architecture</subfield>
      <subfield code="z">Catalonia.</subfield>
    </datafield>
    <datafield tag="650" ind1=" " ind2="0">
      <subfield code="a">Church architecture</subfield>
      <subfield code="z">Spain</subfield>
      <subfield code="z">Valencia</subfield>
    </datafield>
    <datafield tag="650" ind1=" " ind2="0">
      <subfield code="a">Church architecture</subfield>
      <subfield code="z">Balearic Islands.</subfield>
    </datafield>
    <datafield tag="650" ind1=" " ind2="0">
      <subfield code="a">Architecture, Gothic</subfield>
    </datafield>
    <datafield tag="650" ind1=" " ind2="7">
      <subfield code="a">Architecture, Gothic</subfield>
      <subfield code="2">fast</subfield>
      <subfield code="0">(OCoLC)fst00813758</subfield>
    </datafield>
    <datafield tag="650" ind1=" " ind2="7">
      <subfield code="a">Church architecture</subfield>
      <subfield code="2">fast</subfield>
      <subfield code="0">(OCoLC)fst00860550</subfield>
    </datafield>
    <datafield tag="651" ind1=" " ind2="7">
      <subfield code="a">Spain</subfield>
      <subfield code="z">Valencia</subfield>
      <subfield code="2">fast</subfield>
      <subfield code="0">(OCoLC)fst01204165</subfield>
    </datafield>
    <datafield tag="905" ind1=" " ind2=" ">
      <subfield code="a">19880603120000.0</subfield>
    </datafield>
    <datafield tag="948" ind1="2" ind2=" ">
      <subfield code="a">20141016</subfield>
      <subfield code="b">m</subfield>
      <subfield code="d">batch</subfield>
      <subfield code="e">lts</subfield>
      <subfield code="x">addfast</subfield>
    </datafield>
    <datafield tag="950" ind1=" " ind2=" ">
      <subfield code="l">FINE</subfield>
      <subfield code="a">NA5803</subfield>
      <subfield code="b">.L39</subfield>
      <subfield code="f">BASIC</subfield>
      <subfield code="i">01/16/86 N</subfield>
    </datafield>
  </record>