
  <record>
    <leader>00994cam a2200325 a 4500</leader>
    <controlfield tag="001">84</controlfield>
    <controlfield tag="005">20141021232338.0</controlfield>
    <controlfield tag="008">860205s1965    ii       b    000 0 eng d</controlfield>
    <datafield tag="025" ind1=" " ind2=" ">
      <subfield code="a">PL480:I-E-4807</subfield>
    </datafield>
    <datafield tag="035" ind1=" " ind2=" ">
      <subfield code="a">(CStRLIN)NYCX86B14379</subfield>
    </datafield>
    <datafield tag="035" ind1=" " ind2=" ">
      <subfield code="a">(NIC)notisAAA0082</subfield>
    </datafield>
    <datafield tag="035" ind1=" " ind2=" ">
      <subfield code="a">(OCoLC)7349160</subfield>
    </datafield>
    <datafield tag="035" ind1=" " ind2=" ">
      <subfield code="a">84</subfield>
    </datafield>
    <datafield tag="040" ind1=" " ind2=" ">
      <subfield code="c">CU-AL</subfield>
      <subfield code="d">NIC</subfield>
      <subfield code="d">NIC</subfield>
    </datafield>
    <datafield tag="050" ind1="0" ind2=" ">
      <subfield code="a">JX3695.I5</subfield>
      <subfield code="b">P33</subfield>
    </datafield>
    <datafield tag="050" ind1=" " ind2="4">
      <subfield code="a">KZ3405.P38</subfield>
      <subfield code="b">A37 1965</subfield>
    </datafield>
    <datafield tag="082" ind1=" " ind2=" ">
      <subfield code="a">341</subfield>
    </datafield>
    <datafield tag="100" ind1="1" ind2=" ">
      <subfield code="a">Pavithran, A. K.</subfield>
    </datafield>
    <datafield tag="245" ind1="1" ind2="0">
      <subfield code="a">Substance of public international law, western and eastern</subfield>
      <subfield code="c">[by] A. K. Pavithran.</subfield>
    </datafield>
    <datafield tag="250" ind1=" " ind2=" ">
      <subfield code="a">1st ed.</subfield>
    </datafield>
    <datafield tag="260" ind1=" " ind2=" ">
      <subfield code="a">Madras,</subfield>
      <subfield code="b">A. P. Rajendran,</subfield>
      <subfield code="c">1965.</subfield>
    </datafield>
    <datafield tag="300" ind1=" " ind2=" ">
      <subfield code="a">xviii, 783 p.</subfield>
      <subfield code="c">22 cm.</subfield>
    </datafield>
    <datafield tag="504" ind1=" " ind2=" ">
      <subfield code="a">Includes bibliographies.</subfield>
    </datafield>
    <datafield tag="650" ind1=" " ind2="0">
      <subfield code="a">International law</subfield>
    </datafield>
    <datafield tag="650" ind1=" " ind2="7">
      <subfield code="a">International law</subfield>
      <subfield code="2">fast</subfield>
      <subfield code="0">(OCoLC)fst00976984</subfield>
    </datafield>
    <datafield tag="905" ind1=" " ind2=" ">
      <subfield code="a">19880603120000.0</subfield>
    </datafield>
    <datafield tag="948" ind1="2" ind2=" ">
      <subfield code="a">20070716</subfield>
      <subfield code="b">y</subfield>
      <subfield code="d">wml1</subfield>
      <subfield code="e">law</subfield>
    </datafield>
    <datafield tag="948" ind1="2" ind2=" ">
      <subfield code="a">20130301</subfield>
      <subfield code="b">w</subfield>
      <subfield code="d">nmm64</subfield>
      <subfield code="e">law</subfield>
      <subfield code="h">?</subfield>
    </datafield>
    <datafield tag="948" ind1="2" ind2=" ">
      <subfield code="a">20141016</subfield>
      <subfield code="b">m</subfield>
      <subfield code="d">batch</subfield>
      <subfield code="e">lts</subfield>
      <subfield code="x">addfast</subfield>
    </datafield>
    <datafield tag="950" ind1=" " ind2=" ">
      <subfield code="l">LAW</subfield>
      <subfield code="a">JX3695.I4</subfield>
      <subfield code="b">P33</subfield>
      <subfield code="f">BASIC</subfield>
      <subfield code="i">02/05/86 N</subfield>
    </datafield>
  </record>