
  <record>
    <leader>01572cam a2200457 a 4500</leader>
    <controlfield tag="001">85</controlfield>
    <controlfield tag="005">20141021232338.0</controlfield>
    <controlfield tag="008">851210s1962    nyua     b    000 0 eng  </controlfield>
    <datafield tag="010" ind1=" " ind2=" ">
      <subfield code="a">   62013751/L </subfield>
    </datafield>
    <datafield tag="035" ind1=" " ind2=" ">
      <subfield code="a">(CStRLIN)NYCX85B138661</subfield>
    </datafield>
    <datafield tag="035" ind1=" " ind2=" ">
      <subfield code="a">(CStRLIN)NYCX89B38573</subfield>
    </datafield>
    <datafield tag="035" ind1=" " ind2=" ">
      <subfield code="a">(NIC)notisAAA0083</subfield>
    </datafield>
    <datafield tag="035" ind1=" " ind2=" ">
      <subfield code="a">(NIC)notisAHY3953</subfield>
    </datafield>
    <datafield tag="035" ind1=" " ind2=" ">
      <subfield code="a">(OCoLC)505223</subfield>
    </datafield>
    <datafield tag="035" ind1=" " ind2=" ">
      <subfield code="a">85</subfield>
    </datafield>
    <datafield tag="040" ind1=" " ind2=" ">
      <subfield code="a">DLC</subfield>
      <subfield code="c">ODaWU</subfield>
      <subfield code="d">OCoLC</subfield>
      <subfield code="d">HU</subfield>
      <subfield code="d">DLC</subfield>
      <subfield code="d">NIC</subfield>
    </datafield>
    <datafield tag="042" ind1=" " ind2=" ">
      <subfield code="a">premarc</subfield>
    </datafield>
    <datafield tag="043" ind1=" " ind2=" ">
      <subfield code="a">e-ur---</subfield>
    </datafield>
    <datafield tag="050" ind1="0" ind2="0">
      <subfield code="a">JX1977.2.R8</subfield>
      <subfield code="b">D2</subfield>
    </datafield>
    <datafield tag="050" ind1=" " ind2="4">
      <subfield code="a">JZ4997.5.S65</subfield>
      <subfield code="b">D35 1962</subfield>
    </datafield>
    <datafield tag="082" ind1=" " ind2=" ">
      <subfield code="a">341.13947</subfield>
    </datafield>
    <datafield tag="100" ind1="1" ind2=" ">
      <subfield code="a">Dallin, Alexander,</subfield>
      <subfield code="d">1924-2000.</subfield>
    </datafield>
    <datafield tag="245" ind1="1" ind2="4">
      <subfield code="a">The Soviet Union at the United Nations :</subfield>
      <subfield code="b">an inquiry into Soviet motives and objectives /</subfield>
      <subfield code="c">by Alexander Dallin.</subfield>
    </datafield>
    <datafield tag="260" ind1=" " ind2=" ">
      <subfield code="a">New York :</subfield>
      <subfield code="b">F.A. Praeger,</subfield>
      <subfield code="c">1962.</subfield>
    </datafield>
    <datafield tag="300" ind1=" " ind2=" ">
      <subfield code="a">244 p. :</subfield>
      <subfield code="b">ill. ;</subfield>
      <subfield code="c">21 cm.</subfield>
    </datafield>
    <datafield tag="440" ind1=" " ind2="0">
      <subfield code="a">Praeger publications in Russian history and world communism ;</subfield>
      <subfield code="v">no. 106</subfield>
    </datafield>
    <datafield tag="500" ind1=" " ind2=" ">
      <subfield code="a">Books that matter.</subfield>
    </datafield>
    <datafield tag="504" ind1=" " ind2=" ">
      <subfield code="a">Includes bibliographical references (p. 217-245).</subfield>
    </datafield>
    <datafield tag="610" ind1="2" ind2="0">
      <subfield code="a">United Nations</subfield>
      <subfield code="z">Soviet Union.</subfield>
    </datafield>
    <datafield tag="610" ind1="2" ind2="7">
      <subfield code="a">United Nations</subfield>
      <subfield code="2">fast</subfield>
      <subfield code="0">(OCoLC)fst00530351</subfield>
    </datafield>
    <datafield tag="651" ind1=" " ind2="7">
      <subfield code="a">Soviet Union</subfield>
      <subfield code="2">fast</subfield>
      <subfield code="0">(OCoLC)fst01210281</subfield>
    </datafield>
    <datafield tag="899" ind1=" " ind2=" ">
      <subfield code="a">tsin20091130</subfield>
    </datafield>
    <datafield tag="905" ind1=" " ind2=" ">
      <subfield code="a">19880603120000.0</subfield>
    </datafield>
    <datafield tag="905" ind1=" " ind2=" ">
      <subfield code="a">19440414120000.0</subfield>
    </datafield>
    <datafield tag="948" ind1="2" ind2=" ">
      <subfield code="a">20080422</subfield>
      <subfield code="b">y</subfield>
      <subfield code="d">jmp8</subfield>
      <subfield code="e">law</subfield>
    </datafield>
    <datafield tag="948" ind1="2" ind2=" ">
      <subfield code="a">20091222</subfield>
      <subfield code="b">w</subfield>
      <subfield code="d">batch</subfield>
      <subfield code="e">lts</subfield>
    </datafield>
    <datafield tag="948" ind1="2" ind2=" ">
      <subfield code="a">20141016</subfield>
      <subfield code="b">m</subfield>
      <subfield code="d">batch</subfield>
      <subfield code="e">lts</subfield>
      <subfield code="x">addfast</subfield>
    </datafield>
    <datafield tag="950" ind1=" " ind2=" ">
      <subfield code="l">OLIN</subfield>
      <subfield code="a">JX1977.2.R8</subfield>
      <subfield code="b">D14</subfield>
      <subfield code="f">BASIC</subfield>
      <subfield code="h">12/10/85 N</subfield>
    </datafield>
    <datafield tag="950" ind1=" " ind2=" ">
      <subfield code="l">LAW</subfield>
      <subfield code="a">JX1977.2.R8</subfield>
      <subfield code="b">D14</subfield>
      <subfield code="f">BASIC</subfield>
      <subfield code="i">03/28/86 N</subfield>
    </datafield>
    <datafield tag="950" ind1=" " ind2=" ">
      <subfield code="l">URIS</subfield>
      <subfield code="a">JX1977.2.R8</subfield>
      <subfield code="b">D14</subfield>
      <subfield code="i">11/22/89 N</subfield>
    </datafield>
    <datafield tag="976" ind1=" " ind2=" ">
      <subfield code="p">31924014250769</subfield>
    </datafield>
  </record>