
  <record>
    <leader>00962cam a22002771  4500</leader>
    <controlfield tag="001">86</controlfield>
    <controlfield tag="005">20141021232338.0</controlfield>
    <controlfield tag="008">860224s1906    mauac         000 0 eng d</controlfield>
    <datafield tag="035" ind1=" " ind2=" ">
      <subfield code="a">(CStRLIN)NYCX86B22814</subfield>
    </datafield>
    <datafield tag="035" ind1=" " ind2=" ">
      <subfield code="a">(NIC)notisAAA0084</subfield>
    </datafield>
    <datafield tag="035" ind1=" " ind2=" ">
      <subfield code="a">(OCoLC)18792145</subfield>
    </datafield>
    <datafield tag="035" ind1=" " ind2=" ">
      <subfield code="a">86</subfield>
    </datafield>
    <datafield tag="040" ind1=" " ind2=" ">
      <subfield code="a">NIC</subfield>
      <subfield code="c">NIC</subfield>
    </datafield>
    <datafield tag="100" ind1="1" ind2=" ">
      <subfield code="a">Bradburn, John,</subfield>
      <subfield code="d">1842-</subfield>
    </datafield>
    <datafield tag="245" ind1="1" ind2="0">
      <subfield code="a">Breeding and developing the trotter,</subfield>
      <subfield code="c">by John Bradburn ... ed. by Arthur C. Thomas ...</subfield>
    </datafield>
    <datafield tag="260" ind1=" " ind2=" ">
      <subfield code="a">Boston, Mass.,</subfield>
      <subfield code="b">American Horse Breeder Publishing Company,</subfield>
      <subfield code="c">1906.</subfield>
    </datafield>
    <datafield tag="300" ind1=" " ind2=" ">
      <subfield code="a">xiv, 143, [4] p.</subfield>
      <subfield code="b">front. (port.) illus.</subfield>
      <subfield code="c">21 cm.</subfield>
    </datafield>
    <datafield tag="650" ind1=" " ind2="0">
      <subfield code="a">Horse breeds</subfield>
    </datafield>
    <datafield tag="650" ind1=" " ind2="0">
      <subfield code="a">Horse-racing</subfield>
    </datafield>
    <datafield tag="650" ind1=" " ind2="7">
      <subfield code="a">Horse breeds</subfield>
      <subfield code="2">fast</subfield>
      <subfield code="0">(OCoLC)fst00960458</subfield>
    </datafield>
    <datafield tag="650" ind1=" " ind2="7">
      <subfield code="a">Horse racing</subfield>
      <subfield code="2">fast</subfield>
      <subfield code="0">(OCoLC)fst00960488</subfield>
    </datafield>
    <datafield tag="700" ind1="1" ind2=" ">
      <subfield code="a">Thomas, Arthur Caton,</subfield>
      <subfield code="d">1885,</subfield>
      <subfield code="e">ed.</subfield>
    </datafield>
    <datafield tag="903" ind1=" " ind2=" ">
      <subfield code="a">Kirtas</subfield>
      <subfield code="d">20070921</subfield>
      <subfield code="p">31924105357499</subfield>
    </datafield>
    <datafield tag="905" ind1=" " ind2=" ">
      <subfield code="a">19880603120000.0</subfield>
    </datafield>
    <datafield tag="948" ind1="2" ind2=" ">
      <subfield code="a">20141016</subfield>
      <subfield code="b">m</subfield>
      <subfield code="d">batch</subfield>
      <subfield code="e">lts</subfield>
      <subfield code="x">addfast</subfield>
    </datafield>
    <datafield tag="950" ind1=" " ind2=" ">
      <subfield code="l">VET</subfield>
      <subfield code="a">SF293.T8</subfield>
      <subfield code="b">B79</subfield>
      <subfield code="f">BASIC</subfield>
      <subfield code="i">02/24/86 N</subfield>
    </datafield>
  </record>