
  <record>
    <leader>01257cam a2200349   4500</leader>
    <controlfield tag="001">89</controlfield>
    <controlfield tag="005">20141021232341.0</controlfield>
    <controlfield tag="008">860224s1914    pauf          000 0 eng  </controlfield>
    <datafield tag="010" ind1=" " ind2=" ">
      <subfield code="a">   14017964 </subfield>
    </datafield>
    <datafield tag="020" ind1=" " ind2=" ">
      <subfield code="c">$5.00</subfield>
    </datafield>
    <datafield tag="035" ind1=" " ind2=" ">
      <subfield code="a">(CStRLIN)NYCX86B22815</subfield>
    </datafield>
    <datafield tag="035" ind1=" " ind2=" ">
      <subfield code="a">(NIC)notisAAA0087</subfield>
    </datafield>
    <datafield tag="035" ind1=" " ind2=" ">
      <subfield code="a">(OCoLC)478945</subfield>
    </datafield>
    <datafield tag="035" ind1=" " ind2=" ">
      <subfield code="a">89</subfield>
    </datafield>
    <datafield tag="040" ind1=" " ind2=" ">
      <subfield code="c">MiU</subfield>
      <subfield code="d">MiU</subfield>
      <subfield code="d">NIC</subfield>
    </datafield>
    <datafield tag="043" ind1=" " ind2=" ">
      <subfield code="a">n-us-md</subfield>
      <subfield code="a">n-us-de</subfield>
    </datafield>
    <datafield tag="050" ind1="0" ind2=" ">
      <subfield code="a">F182</subfield>
      <subfield code="b">.H22</subfield>
    </datafield>
    <datafield tag="100" ind1="1" ind2=" ">
      <subfield code="a">Hammond, John Martin.</subfield>
    </datafield>
    <datafield tag="245" ind1="1" ind2="0">
      <subfield code="a">Colonial mansions of Maryland and Delaware,</subfield>
      <subfield code="c">by John Martin Hammond; with sixty-five illustrations.</subfield>
    </datafield>
    <datafield tag="260" ind1=" " ind2=" ">
      <subfield code="a">Philadelphia,</subfield>
      <subfield code="a">London,</subfield>
      <subfield code="b">J.B. Lippincott company,</subfield>
      <subfield code="c">1914.</subfield>
    </datafield>
    <datafield tag="300" ind1=" " ind2=" ">
      <subfield code="a">xii, [1], 304 p.</subfield>
      <subfield code="b">front., plates.</subfield>
      <subfield code="c">25 cm.</subfield>
    </datafield>
    <datafield tag="500" ind1=" " ind2=" ">
      <subfield code="a">"This limited edition has been printed from type and the type distributed."</subfield>
    </datafield>
    <datafield tag="650" ind1=" " ind2="0">
      <subfield code="a">Historic buildings</subfield>
      <subfield code="z">Delaware.</subfield>
    </datafield>
    <datafield tag="650" ind1=" " ind2="0">
      <subfield code="a">Historic buildings</subfield>
      <subfield code="z">Maryland.</subfield>
    </datafield>
    <datafield tag="650" ind1=" " ind2="7">
      <subfield code="a">Historic buildings</subfield>
      <subfield code="2">fast</subfield>
      <subfield code="0">(OCoLC)fst00957723</subfield>
    </datafield>
    <datafield tag="651" ind1=" " ind2="7">
      <subfield code="a">Delaware</subfield>
      <subfield code="2">fast</subfield>
      <subfield code="0">(OCoLC)fst01204929</subfield>
    </datafield>
    <datafield tag="651" ind1=" " ind2="7">
      <subfield code="a">Maryland</subfield>
      <subfield code="2">fast</subfield>
      <subfield code="0">(OCoLC)fst01204739</subfield>
    </datafield>
    <datafield tag="903" ind1=" " ind2=" ">
      <subfield code="a">Kirtas</subfield>
      <subfield code="d">20080208</subfield>
      <subfield code="p">31924014758001</subfield>
    </datafield>
    <datafield tag="903" ind1=" " ind2=" ">
      <subfield code="a">Kirtas/Annex</subfield>
      <subfield code="d">20080215</subfield>
      <subfield code="p">31924021140276</subfield>
    </datafield>
    <datafield tag="905" ind1=" " ind2=" ">
      <subfield code="a">19971110120000.0</subfield>
    </datafield>
    <datafield tag="948" ind1="2" ind2=" ">
      <subfield code="a">20141016</subfield>
      <subfield code="b">m</subfield>
      <subfield code="d">batch</subfield>
      <subfield code="e">lts</subfield>
      <subfield code="x">addfast</subfield>
    </datafield>
    <datafield tag="950" ind1=" " ind2=" ">
      <subfield code="l">FINE</subfield>
      <subfield code="a">NA7235.M3</subfield>
      <subfield code="b">H2</subfield>
      <subfield code="f">BASIC</subfield>
      <subfield code="i">02/24/86 N</subfield>
    </datafield>
  </record>