
  <record>
    <leader>01383cam a2200349 a 4500</leader>
    <controlfield tag="001">90</controlfield>
    <controlfield tag="005">20141021232341.0</controlfield>
    <controlfield tag="008">851210s1920    nyub     b    001 0 eng  </controlfield>
    <datafield tag="010" ind1=" " ind2=" ">
      <subfield code="a">   20009904 </subfield>
    </datafield>
    <datafield tag="035" ind1=" " ind2=" ">
      <subfield code="a">(CStRLIN)NYCX85B138663</subfield>
    </datafield>
    <datafield tag="035" ind1=" " ind2=" ">
      <subfield code="a">(NIC)notisAAA0088</subfield>
    </datafield>
    <datafield tag="035" ind1=" " ind2=" ">
      <subfield code="a">(OCoLC)1572422</subfield>
    </datafield>
    <datafield tag="035" ind1=" " ind2=" ">
      <subfield code="a">90</subfield>
    </datafield>
    <datafield tag="040" ind1=" " ind2=" ">
      <subfield code="c">NjR-L</subfield>
      <subfield code="d">NjR-L</subfield>
      <subfield code="d">NIC</subfield>
    </datafield>
    <datafield tag="043" ind1=" " ind2=" ">
      <subfield code="a">n-us---</subfield>
    </datafield>
    <datafield tag="050" ind1="0" ind2=" ">
      <subfield code="a">JX4054</subfield>
      <subfield code="b">.W3</subfield>
    </datafield>
    <datafield tag="100" ind1="1" ind2=" ">
      <subfield code="a">Wambaugh, Sarah,</subfield>
      <subfield code="d">1982-</subfield>
    </datafield>
    <datafield tag="245" ind1="1" ind2="2">
      <subfield code="a">A monograph on plebiscites,</subfield>
      <subfield code="b">with a collection of official documents /</subfield>
      <subfield code="c">by Sarah Wambaugh ; prepared under the supervision of James Brown Scott ...</subfield>
    </datafield>
    <datafield tag="260" ind1=" " ind2=" ">
      <subfield code="a">New York, N.Y. :</subfield>
      <subfield code="b">Oxford University Press,</subfield>
      <subfield code="c">1920.</subfield>
    </datafield>
    <datafield tag="300" ind1=" " ind2=" ">
      <subfield code="a">xxxv, 1088 p. :</subfield>
      <subfield code="b">maps ;</subfield>
      <subfield code="c">26 cm.</subfield>
    </datafield>
    <datafield tag="490" ind1="1" ind2=" ">
      <subfield code="a">Publications of the Carnegie Endowment for International Peace. Division of International Law, Washington</subfield>
    </datafield>
    <datafield tag="504" ind1=" " ind2=" ">
      <subfield code="a">Bibliography : p. xxix-xxxv.</subfield>
    </datafield>
    <datafield tag="650" ind1=" " ind2="0">
      <subfield code="a">Plebiscite</subfield>
    </datafield>
    <datafield tag="650" ind1=" " ind2="7">
      <subfield code="a">Plebiscite</subfield>
      <subfield code="2">fast</subfield>
      <subfield code="0">(OCoLC)fst01067100</subfield>
    </datafield>
    <datafield tag="700" ind1="1" ind2=" ">
      <subfield code="a">Scott, James Brown,</subfield>
      <subfield code="d">1866-1943.</subfield>
      <subfield code="e">ed.</subfield>
    </datafield>
    <datafield tag="830" ind1=" " ind2="0">
      <subfield code="a">Publications of the Carnegie Endowment for International Peace, Division of International Law.</subfield>
    </datafield>
    <datafield tag="903" ind1=" " ind2="5">
      <subfield code="a">Kirtas</subfield>
      <subfield code="d">20080130</subfield>
      <subfield code="p">31924016932596</subfield>
      <subfield code="x">Not digitized</subfield>
    </datafield>
    <datafield tag="905" ind1=" " ind2=" ">
      <subfield code="a">19920817120000.0</subfield>
    </datafield>
    <datafield tag="948" ind1="2" ind2=" ">
      <subfield code="a">20090921</subfield>
      <subfield code="b">y</subfield>
      <subfield code="d">ekh3</subfield>
      <subfield code="e">law</subfield>
    </datafield>
    <datafield tag="948" ind1="2" ind2=" ">
      <subfield code="a">20141016</subfield>
      <subfield code="b">m</subfield>
      <subfield code="d">batch</subfield>
      <subfield code="e">lts</subfield>
      <subfield code="x">addfast</subfield>
    </datafield>
    <datafield tag="950" ind1=" " ind2=" ">
      <subfield code="l">OLIN</subfield>
      <subfield code="a">JX4054</subfield>
      <subfield code="b">.W24+</subfield>
      <subfield code="f">BASIC</subfield>
      <subfield code="h">12/10/85 N</subfield>
    </datafield>
    <datafield tag="950" ind1=" " ind2=" ">
      <subfield code="l">LAW</subfield>
      <subfield code="a">JX4054</subfield>
      <subfield code="b">.W21</subfield>
      <subfield code="f">BASIC</subfield>
      <subfield code="i">02/07/86 N</subfield>
    </datafield>
  </record>