
  <record>
    <leader>01559cam a2200397   4500</leader>
    <controlfield tag="001">92</controlfield>
    <controlfield tag="005">20141021232343.0</controlfield>
    <controlfield tag="008">860116s1930    sp aef   b    000 0 spa d</controlfield>
    <datafield tag="010" ind1=" " ind2=" ">
      <subfield code="a">   31000825 </subfield>
    </datafield>
    <datafield tag="035" ind1=" " ind2=" ">
      <subfield code="a">(CStRLIN)NYCX86B6718</subfield>
    </datafield>
    <datafield tag="035" ind1=" " ind2=" ">
      <subfield code="a">(NIC)notisAAA0090</subfield>
    </datafield>
    <datafield tag="035" ind1=" " ind2=" ">
      <subfield code="a">(OCoLC)5119851</subfield>
    </datafield>
    <datafield tag="035" ind1=" " ind2=" ">
      <subfield code="a">92</subfield>
    </datafield>
    <datafield tag="040" ind1=" " ind2=" ">
      <subfield code="a">MiU</subfield>
      <subfield code="c">MiU</subfield>
      <subfield code="d">NIC</subfield>
    </datafield>
    <datafield tag="043" ind1=" " ind2=" ">
      <subfield code="a">e-sp---</subfield>
    </datafield>
    <datafield tag="050" ind1="0" ind2=" ">
      <subfield code="a">NA5803</subfield>
      <subfield code="b">.L3 1930</subfield>
    </datafield>
    <datafield tag="082" ind1=" " ind2=" ">
      <subfield code="a">726.0946</subfield>
    </datafield>
    <datafield tag="100" ind1="1" ind2=" ">
      <subfield code="a">Lampérez y Romea, Vicente,</subfield>
      <subfield code="d">1861-1923.</subfield>
    </datafield>
    <datafield tag="245" ind1="1" ind2="0">
      <subfield code="a">Historia de la arquitectura cristiana española en la edad media según el estudio de los elementos y los monumentos,</subfield>
      <subfield code="c">por Vicente Lampérez y Romea.</subfield>
    </datafield>
    <datafield tag="250" ind1=" " ind2=" ">
      <subfield code="a">2. ed.</subfield>
    </datafield>
    <datafield tag="260" ind1=" " ind2=" ">
      <subfield code="a">Madrid [etc.]</subfield>
      <subfield code="b">Espasa-Calpe, S.A.,</subfield>
      <subfield code="c">1930.</subfield>
    </datafield>
    <datafield tag="300" ind1=" " ind2=" ">
      <subfield code="a">3 v.</subfield>
      <subfield code="b">illus., plates (part fold.) plans (part fold.)</subfield>
      <subfield code="c">28 cm.</subfield>
    </datafield>
    <datafield tag="500" ind1=" " ind2=" ">
      <subfield code="a">"Obra premiada en el v Concurso internacional 'Martorell'-Barcelona, 1906."</subfield>
    </datafield>
    <datafield tag="504" ind1=" " ind2=" ">
      <subfield code="a">"Bibliografia española moderna" at the end of many chapters.</subfield>
    </datafield>
    <datafield tag="650" ind1=" " ind2="0">
      <subfield code="a">Church architecture</subfield>
      <subfield code="z">Spain</subfield>
      <subfield code="x">History.</subfield>
    </datafield>
    <datafield tag="650" ind1=" " ind2="0">
      <subfield code="a">Architecture, Medieval</subfield>
    </datafield>
    <datafield tag="650" ind1=" " ind2="0">
      <subfield code="a">Architecture</subfield>
      <subfield code="z">Spain</subfield>
      <subfield code="x">Bibliography.</subfield>
    </datafield>
    <datafield tag="650" ind1=" " ind2="7">
      <subfield code="a">Architecture</subfield>
      <subfield code="2">fast</subfield>
      <subfield code="0">(OCoLC)fst00813346</subfield>
    </datafield>
    <datafield tag="650" ind1=" " ind2="7">
      <subfield code="a">Architecture, Medieval</subfield>
      <subfield code="2">fast</subfield>
      <subfield code="0">(OCoLC)fst00813825</subfield>
    </datafield>
    <datafield tag="650" ind1=" " ind2="7">
      <subfield code="a">Church architecture</subfield>
      <subfield code="2">fast</subfield>
      <subfield code="0">(OCoLC)fst00860550</subfield>
    </datafield>
    <datafield tag="651" ind1=" " ind2="7">
      <subfield code="a">Spain</subfield>
      <subfield code="2">fast</subfield>
      <subfield code="0">(OCoLC)fst01204303</subfield>
    </datafield>
    <datafield tag="655" ind1=" " ind2="7">
      <subfield code="a">Bibliography</subfield>
      <subfield code="2">fast</subfield>
      <subfield code="0">(OCoLC)fst01423717</subfield>
    </datafield>
    <datafield tag="655" ind1=" " ind2="7">
      <subfield code="a">History</subfield>
      <subfield code="2">fast</subfield>
      <subfield code="0">(OCoLC)fst01411628</subfield>
    </datafield>
    <datafield tag="905" ind1=" " ind2=" ">
      <subfield code="a">19880603120000.0</subfield>
    </datafield>
    <datafield tag="948" ind1="2" ind2=" ">
      <subfield code="a">20141016</subfield>
      <subfield code="b">m</subfield>
      <subfield code="d">batch</subfield>
      <subfield code="e">lts</subfield>
      <subfield code="x">addfast</subfield>
    </datafield>
    <datafield tag="950" ind1=" " ind2=" ">
      <subfield code="l">FINE</subfield>
      <subfield code="a">NA5803</subfield>
      <subfield code="b">.L23 1930</subfield>
      <subfield code="f">BASIC</subfield>
      <subfield code="i">01/16/86 N</subfield>
    </datafield>
  </record>
</collection>
